% This file was created with Citavi 6.19.2.1

@online{GIDF.2024,
 author = {GIDF},
 editor = {media.wax.at},
 year = {2024},
 title = {gidf.at - Google ist dein Freund!},
 url = {https://www.gidf.at/},
 urldate = {2024-10-29},
 abstract = {}
}


